<?xml version="1.0" encoding="UTF-8"?><collection xmlns="http://www.loc.gov/MARC21/slim"><record><leader>00368nam--2200133-i-4500</leader><controlfield tag="001">000021232</controlfield><controlfield tag="002">20161230</controlfield><controlfield tag="005">20161230201034</controlfield><controlfield tag="008">060222s1000------------r-----000-0-eng-d</controlfield><datafield ind1=" " ind2=" " tag="100"><subfield code="a">Heitler, W</subfield></datafield><datafield ind1=" " ind2=" " tag="245"><subfield code="a">The quantum theory of radiation</subfield></datafield><datafield ind1=" " ind2=" " tag="260"><subfield code="a">Oxford University Press, 1944, Xi + 272p</subfield></datafield><datafield ind1=" " ind2=" " tag="490"><subfield code="a">The International Series Of Monographs On Physics</subfield></datafield><datafield ind1=" " ind2=" " tag="852"><subfield code="a">1226</subfield></datafield></record></collection>